<?xml version="1.0" encoding="UTF-8"?>
<record xmlns="http://www.loc.gov/MARC21/slim">
   <leader>00693cam a2200193 a 4500</leader>
   <controlfield tag="001">4214795</controlfield>
   <controlfield tag="003">NjP</controlfield>
   <controlfield tag="005">20180420175251.0</controlfield>
   <controlfield tag="008">040813q1950    sy       b    000 0 ara d</controlfield>
   <datafield tag="024" ind1="7" ind2=" ">
      <subfield code="a">princeton_aco003770</subfield>
      <subfield code="2">local</subfield>
   </datafield>
   <datafield ind1=" " ind2=" " tag="040">
      <subfield code="a">NjP</subfield>
      <subfield code="c">NjP</subfield>
   </datafield>
   <datafield ind1=" " ind2=" " tag="043">
      <subfield code="a">a-sy---</subfield>
   </datafield>
   <datafield ind1=" " ind2="4" tag="050">
      <subfield code="a">KMU379.5</subfield>
      <subfield code="b">.A33 1949</subfield>
   </datafield>
   <datafield ind1="1" ind2=" " tag="110">
      <subfield code="a">Syria.</subfield>
      <subfield code="b">Wizārat al-ʻAdl.</subfield>
      <subfield code="0">http://id.loc.gov/authorities/names/n83056226</subfield>
   </datafield>
   <datafield ind1="1" ind2="0" tag="245">
      <subfield code="a">Qānūn al-ʻuqūbāt :</subfield>
      <subfield code="b">al-ṣādir bi-tārīkh 22 Ḥazīrān sanat 1949.</subfield>
   </datafield>
   <datafield ind1=" " ind2=" " tag="300">
      <subfield code="a">184 p. ;</subfield>
      <subfield code="c">24 cm.</subfield>
   </datafield>
   <datafield ind1=" " ind2=" " tag="504">
      <subfield code="a">Includes bibliographical references.</subfield>
   </datafield>
   <datafield ind1=" " ind2=" " tag="260">
      <subfield code="a">[Syria] :</subfield>
      <subfield code="b">al-Maṭbaʻah wa-al-Jarīdah al-Rasmīyah,</subfield>
      <subfield code="c">[195-?]</subfield>
   </datafield>
   <datafield ind1=" " ind2="0" tag="650">
      <subfield code="a">Criminal law</subfield>
      <subfield code="z">Syria.</subfield>
   </datafield>
   <datafield ind1=" " ind2=" " tag="904">
      <subfield code="a">llb</subfield>
      <subfield code="b">o</subfield>
      <subfield code="h">n</subfield>
      <subfield code="c">b</subfield>
      <subfield code="e">20040813</subfield>
   </datafield>
   <datafield ind1=" " ind2=" " tag="902">
      <subfield code="a">kc</subfield>
      <subfield code="b">o</subfield>
      <subfield code="6">a</subfield>
      <subfield code="7">m</subfield>
      <subfield code="d">v</subfield>
      <subfield code="f">1</subfield>
      <subfield code="e">20060613</subfield>
   </datafield>
   <datafield ind1="0" ind2=" " tag="852">
      <subfield code="0">4482021</subfield>
      <subfield code="b">rcppa</subfield>
      <subfield code="h">KMU379.5</subfield>
      <subfield code="i">.A33 1949</subfield>
   </datafield>
   <datafield ind1=" " ind2=" " tag="959">
      <subfield code="a">2004-09-01 11:35:06 -0400</subfield>
   </datafield>
</record>
